<?xml version="1.0" encoding="UTF-8"?>
<collection xmlns:xsi="http://www.w3.org/2001/XMLSchema-instance" xsi:schemaLocation="http://www.loc.gov/MARC21/slim http://www.loc.gov/standards/marcxml/schema/MARC21slim.xsd" xmlns="http://www.loc.gov/MARC21/slim">
<record>
  <leader>01176cam a22002411  4500</leader>
  <controlfield tag="001">3087679</controlfield>
  <controlfield tag="003">NNC</controlfield>
  <controlfield tag="005">20130520200934.0</controlfield>
  <controlfield tag="008">010917m19251927ua            000 0 ara d</controlfield>
  <datafield tag="035" ind1=" " ind2=" ">
    <subfield code="a">(OCoLC)ocm47978182</subfield>
  </datafield>
  <datafield tag="035" ind1=" " ind2=" ">
    <subfield code="9">ATR5159CU</subfield>
  </datafield>
  <datafield tag="035" ind1=" " ind2=" ">
    <subfield code="a">(NNC)3087679</subfield>
  </datafield>
  <datafield tag="035" ind1=" " ind2=" ">
    <subfield code="a">3087679</subfield>
  </datafield>
  <datafield tag="040" ind1=" " ind2=" ">
    <subfield code="a">ZCU</subfield>
    <subfield code="c">ZCU</subfield>
  </datafield>
  <datafield tag="099" ind1=" " ind2=" ">
    <subfield code="a">893.799</subfield>
    <subfield code="a">Q12</subfield>
  </datafield>
  <datafield tag="100" ind1="1" ind2=" ">
    <subfield code="a">Qarāfī, Aḥmad ibn Idrīs,</subfield>
    <subfield code="d">-1285.</subfield>
  </datafield>
  <datafield tag="245" ind1="1" ind2="3">
    <subfield code="a">al-Furūq :</subfield>
    <subfield code="b">li-Shihāb-al-Dīn Abī al-ʻAbbās Aḥmad ibn Idrīs al-Ṣanhājī al-mashhūr bi-al-Qarāfī. Wa-al-itamām al-nafʻ ... waḍaʻnā biʾ aʻlā al-ṣaḥāʾif kitāb al-Furūq wabiʻ asfalihā Ḥāshiyat Sirāj-al Dīn Abī al-Qāsim ibn ʻAbd-Allāh al-Anṣārī al-maʻrūf bi Ibn al-Shāṭṭ, al-musammāh Idrār al-shurūq ʻalā anwāʾ al-Furūq ...</subfield>
  </datafield>
  <datafield tag="260" ind1=" " ind2=" ">
    <subfield code="a">[Miṣr]</subfield>
    <subfield code="b">Maṭb. Dār Iḥyāʾ al-Kutub al-ʻArabīyah,</subfield>
    <subfield code="c">1344-46 [1925-27]</subfield>
  </datafield>
  <datafield tag="300" ind1=" " ind2=" ">
    <subfield code="a">4 v.</subfield>
  </datafield>
  <datafield tag="650" ind1=" " ind2="0">
    <subfield code="a">Islamic law</subfield>
    <subfield code="v">Early works to 1800.</subfield>
  </datafield>
  <datafield tag="650" ind1=" " ind2="0">
    <subfield code="a">Malikites</subfield>
    <subfield code="v">Early works to 1800.</subfield>
  </datafield>
  <datafield tag="700" ind1="1" ind2=" ">
    <subfield code="a">Ibn al-Shāṭṭ, Qāsim ibn ʻAbd Allāh,</subfield>
    <subfield code="d">1245 or 1246-1323.</subfield>
    <subfield code="t">Idrār al-shurūq ʻalʹa anwāʼ al-Furūq.</subfield>
  </datafield>
  <datafield tag="955" ind1=" " ind2=" ">
    <subfield code="b">0026816040</subfield>
    <subfield code="d">glx</subfield>
    <subfield code="e">893.799 Q12</subfield>
    <subfield code="v">v.1</subfield>
  </datafield>
</record>
</collection>